@misc{citationname:online,
author = {Author},
title = {Title},
howpublished = {\url{exampleurl.com}},
month = {},
year = {},
note = {(Accessed on 04/25/2017)}
}
