@misc{windowsprocesses:online,
author = {Microsoft},
title = {About Processes and Threads},
howpublished = {\url{https://msdn.microsoft.com/en-us/library/windows/desktop/ms681917(v=vs.85).aspx}},
month = {},
year = {},
note = {(Accessed on 04/18/2018)}
}

@misc{distinction,
author = {R...},
title = {Distinction between processes and threads in Linux},
howpublished = {\url{https://stackoverflow.com/questions/9154671/distinction-between-processes-and-threads-in-linux}},
month = {February},
year = {2012},
note = {(Accessed on 04/18/2018)}
}

@misc{NPTL,
author = {Janice J. Heiss},
title = {Red Hat Linux 9 and Java 2 Platform, Standard Edition 1.4.2: A Winning Combination},
howpublished = {\url{http://www.oracle.com/us/technologies/java/redhat-139865.html}},
month = {August},
year = {2003},
note = {(Accessed on 04/18/2018)}
}

@misc{bfs,
author = {Con Kolivas},
title = {FAQS about BFS. v0.330},
howpublished = {\url{http://ck.kolivas.org/patches/bfs/bfs-faq.txt}},
month = {September},
year = {2010},
note = {(Accessed on 04/18/2018)}
}

@misc{deadline,
author = {Jonathan Corbet},
title = {Deadline scheduling for Linux},
howpublished = {\url{https://lwn.net/Articles/356576/}},
month = {October},
year = {2009},
note = {(Accessed on 04/18/2018)}
}

@misc{bsdprocess,
author = {},
title = {A look inside...},
howpublished = {\url{https://www.freebsd.org/doc/en_US.ISO8859-1/articles/linux-emulation/inside.html}},
month = {},
year = {},
note = {(Accessed on 04/18/2018)}
}

@misc{bsdschedule,
author = {Marshall Kirk McKusick, George V. Neville-Neil, Robert N.M. Watson},
title = {Process Management in the FreeBSD Operating System - Thread Scheduling},
howpublished = {\url{http://www.informit.com/articles/article.aspx?p=2249436&seqNum=4}},
month = {October},
year = {2014},
note = {(Accessed on 04/18/2018)}
}

