@misc{windowsio,
author = {Microsoft},
title = {Overview of the Windows I/O Model},
howpublished = {\url{https://docs.microsoft.com/en-us/windows-hardware/drivers/kernel/overview-of-the-windows-i-o-model}},
month = {},
year = {},
note = {(Accessed on 05/07/2018)}
}

@misc{windowsirp,
author = {Microsoft},
title = {I/O request packets},
howpublished = {\url{https://docs.microsoft.com/en-us/windows-hardware/drivers/gettingstarted/i-o-request-packets}},
month = {},
year = {},
note = {(Accessed on 05/07/2018)}
}

@misc{windowsfastio,
author = {Microsoft},
title = {I/O request packets},
howpublished = {\url{https://docs.microsoft.com/en-us/windows-hardware/drivers/ifs/irps-are-different-from-fast-i-o}},
month = {},
year = {},
note = {(Accessed on 05/07/2018)}
}

@misc{linuxio,
author = {Avishay Traeger},
title = {An Introduction to Linux Block I/O},
howpublished = {\url{https://researcher.watson.ibm.com/researcher/files/il-AVISHAY/01-block_io-v1.3.pdf}},
year = {2012},
note = {(Accessed on 05/07/2018)}
}

@misc{iosecurity,
author = {P. J. Radcliffe},
title = {Linux: A Clear Winner for Hardware I/O},
howpublished = {\url{https://linuxgazette.net/112/radcliffe.html}},
year = {},
note = {(Accessed on 05/07/2018)}
}

@misc{bsdnetflix,
title = {I/O Scheduling in FreeBSDâ€™s CAM Subsystem},
author = {M. Warner Losh},
publisher = {Netflix, Inc.},
howpublished = {\url{https://people.freebsd.org/~imp/bsdcan2015/iosched-v3.pdf}},
note = {(Accessed on 05/07/2018)},
year = {2015}
}

@misc{bsdio,
title = {2.6. I/O System},
howpublished = {\url{https://www.freebsd.org/doc/handbook/basics-processes.html}},
year = {2018},
note = {(Accessed on 05/07/2018)}
}

@misc{bsdmanual,
title = {Hybrid},
author = {Emiliano Mennucci},
howpublished = {\url{https://wiki.freebsd.org/Hybrid}},
year = {2008},
note = {(Accessed on 05/07/2018)}
}